%% This BibTeX bibliography file was created using BibDesk.
%% http://bibdesk.sourceforge.net/


%% Created for Jack Blumenau at 2015-05-29 18:57:03 +0100 


%% Saved with string encoding Unicode (UTF-8) 



@inproceedings{blumenau2012agenda,
	Author = {Blumenau, Jack},
	Booktitle = {ECPR Joint Sessions Workshop and the EPSA General Conference},
	Date-Added = {2015-05-29 17:56:57 +0000},
	Date-Modified = {2015-05-29 17:56:57 +0000},
	Title = {Agenda Control and Party Cohesion in the European Parliament},
	Year = {2012}}
